@article{huynh.joret.ea:seymour,
  author    = {Tony Huynh and
               Gwena{\"{e}}l Joret and
               Piotr Micek and
               David R. Wood},
  title     = {Seymour's conjecture on 2-connected graphs of large pathwidth},
  journal   = {CoRR},
  volume    = {abs/1801.01833},
  year      = {2018},
  url       = {http://arxiv.org/abs/1801.01833},
  archivePrefix = {arXiv},
  eprint    = {1801.01833},
  timestamp = {Fri, 02 Feb 2018 14:20:25 +0100},
  biburl    = {https://dblp.org/rec/bib/journals/corr/abs-1801-01833},
  bibsource = {dblp computer science bibliography, https://dblp.org}
}


@inproceedings{dibattista.tamassia:incremental,
  author    = {Giuseppe {Di Battista} and
               Roberto Tamassia},
  title     = {Incremental Planarity Testing (Extended Abstract)},
  booktitle = {Proc. 30th Annual Symposium on Foundations of Computer Science},
  fullbooktitle = {30th Annual Symposium on Foundations of Computer Science, Research
               Triangle Park, North Carolina, USA, 30 October - 1 November 1989},
  pages     = {436--441},
  year      = {1989},
  crossref  = {DBLP:conf/focs/FOCS30},
  urlurl       = {https://doi.org/10.1109/SFCS.1989.63515},
  doi       = {10.1109/SFCS.1989.63515},
  timestamp = {Fri, 19 May 2017 01:25:59 +0200},
  biburl    = {https://dblp.org/rec/bib/conf/focs/BattistaT89},
  bibsource = {dblp computer science bibliography, https://dblp.org}
}

@proceedings{DBLP:conf/focs/FOCS30,
  title     = {30th Annual Symposium on Foundations of Computer Science, Research
               Triangle Park, North Carolina, USA, 30 October - 1 November 1989},
  publisher = {{IEEE} Computer Society},
  year      = {1989},
  urlurl       = {http://ieeexplore.ieee.org/xpl/mostRecentIssue.jsp?punumber=260},
  isbnisbn      = {0-8186-1982-1},
  timestamp = {Mon, 15 Dec 2014 18:48:45 +0100},
  biburl    = {https://dblp.org/rec/bib/conf/focs/FOCS30},
  bibsource = {dblp computer science bibliography, https://dblp.org}
}

@article{dibattista.tamassia:on-line,
  author    = {Giuseppe {Di Battista} and
               Roberto Tamassia},
  title     = {On-Line Maintenance of Triconnected Components with SPQR-Trees},
  journal   = {Algorithmica},
  volume    = {15},
  number    = {4},
  pages     = {302--318},
  year      = {1996},
  urlurl       = {https://doi.org/10.1007/BF01961541},
  doi       = {10.1007/BF01961541},
  timestamp = {Wed, 17 May 2017 14:25:13 +0200},
  biburl    = {https://dblp.org/rec/bib/journals/algorithmica/BattistaT96},
  bibsource = {dblp computer science bibliography, https://dblp.org}
}

@article{dibattista.tamassia:on-line2,
  author    = {Giuseppe {Di Battista} and
               Roberto Tamassia},
  title     = {On-Line Planarity Testing},
  journal   = {{SIAM} J. Comput.},
  volume    = {25},
  number    = {5},
  pages     = {956--997},
  year      = {1996},
  urlurl       = {https://doi.org/10.1137/S0097539794280736},
  doi       = {10.1137/S0097539794280736},
  timestamp = {Sat, 27 May 2017 14:22:58 +0200},
  biburl    = {https://dblp.org/rec/bib/journals/siamcomp/BattistaT96},
  bibsource = {dblp computer science bibliography, https://dblp.org}
}

Bod93
BK91
KI93

@inproceedings{Bod93,
  author    = {Hans L. Bodlaender},
  title     = {A linear time algorithm for finding tree-decompositions of small treewidth},
  fullbooktitle = {Proceedings of the Twenty-Fifth Annual {ACM} Symposium on Theory of
               Computing, May 16-18, 1993, San Diego, CA, {USA}},
  booktitle = {Proceedings 25th Annual {ACM} Symposium on Theory of
               Computing},
  pages     = {226--234},
  year      = {1993},
  crossref  = {DBLP:conf/stoc/STOC25},
  urlurl       = {http://doi.acm.org/10.1145/167088.167161},
  doi       = {10.1145/167088.167161},
  timestamp = {Thu, 16 Feb 2012 12:14:57 +0100},
  biburl    = {https://dblp.org/rec/bib/conf/stoc/Bodlaender93},
  bibsource = {dblp computer science bibliography, https://dblp.org}
}

@proceedings{DBLP:conf/stoc/STOC25,
  editor    = {S. Rao Kosaraju and
               David S. Johnson and
               Alok Aggarwal},
  title     = {Proceedings of the Twenty-Fifth Annual {ACM} Symposium on Theory of
               Computing, May 16-18, 1993, San Diego, CA, {USA}},
  publisher = {{ACM}},
  year      = {1993},
  isbnisbn      = {0-89791-591-7},
  timestamp = {Mon, 17 Oct 2011 15:55:10 +0200},
  biburl    = {https://dblp.org/rec/bib/conf/stoc/STOC25},
  bibsource = {dblp computer science bibliography, https://dblp.org}
}

@inproceedings{BK91,
  author    = {Hans L. Bodlaender and
               Ton Kloks},
  title     = {Better Algorithms for the Pathwidth and Treewidth of Graphs},
  booktitle = {Proc. 18th International Colloquium on Automata, Languages and Programming (ICALP '91)},
  fullbooktitle = {Automata, Languages and Programming, 18th International Colloquium,
               ICALP91, Madrid, Spain, July 8-12, 1991, Proceedings},
  pages     = {544--555},
  year      = {1991},
  crossref  = {DBLP:conf/icalp/1991},
  urlurl       = {https://doi.org/10.1007/3-540-54233-7_162},
  doi       = {10.1007/3-540-54233-7_162},
  timestamp = {Sat, 20 May 2017 15:32:49 +0200},
  biburl    = {https://dblp.org/rec/bib/conf/icalp/BodlaenderK91},
  bibsource = {dblp computer science bibliography, https://dblp.org}
}
@proceedings{DBLP:conf/icalp/1991,
  editor    = {Javier Leach Albert and
               Burkhard Monien and
               Mario Rodr{\'{\i}}guez{-}Artalejo},
  title     = {Automata, Languages and Programming, 18th International Colloquium,
               ICALP91, Madrid, Spain, July 8-12, 1991, Proceedings},
  series    = {Lecture Notes in Computer Science},
  volume    = {510},
  publisher = {Springer},
  year      = {1991},
  urlurl       = {https://doi.org/10.1007/3-540-54233-7},
  doi       = {10.1007/3-540-54233-7},
  isbnisbn      = {3-540-54233-7},
  timestamp = {Sat, 20 May 2017 15:32:49 +0200},
  biburl    = {https://dblp.org/rec/bib/conf/icalp/1991},
  bibsource = {dblp computer science bibliography, https://dblp.org}
}

@phdthesis{K93,
   author   = {Ton Kloks},
   title    = {Treewidth},
   institution = {Utrecht University},
   school   = {Utrecht University},
   address  = {Utrecht, the Netherlands},
   year     = {1993}
}

@article{CDF96,
  author    = {Kevin Cattell and
               Michael J. Dinneen and
               Michael R. Fellows},
  title     = {A Simple Linear-Time Algorithm for Finding Path-Decompositions of
               Small Width},
  journal   = {Inf. Process. Lett.},
  volume    = {57},
  number    = {4},
  pages     = {197--203},
  year      = {1996},
  urlurl       = {https://doi.org/10.1016/0020-0190(95)00190-5},
  doi       = {10.1016/0020-0190(95)00190-5},
  timestamp = {Tue, 06 Jun 2017 22:27:09 +0200},
  biburl    = {https://dblp.org/rec/bib/journals/ipl/CattellDF96},
  bibsource = {dblp computer science bibliography, https://dblp.org}
}

@inproceedings{GM00,
  author    = {Carsten Gutwenger and
               Petra Mutzel},
  title     = {A Linear Time Implementation of {SPQR}-Trees},
  fullbooktitle = {Graph Drawing, 8th International Symposium, {GD} 2000, Colonial Williamsburg,
               VA, USA, September 20-23, 2000, Proceedings},
  booktitle = {Proc. 8th International Symposium on Graph Drawing ({GD} 2000)},
  pages     = {77--90},
  year      = {2000},
  crossref  = {DBLP:conf/gd/2000},
  urlurl       = {https://doi.org/10.1007/3-540-44541-2_8},
  doi       = {10.1007/3-540-44541-2_8},
  timestamp = {Thu, 15 Jun 2017 21:37:31 +0200},
  biburl    = {https://dblp.org/rec/bib/conf/gd/GutwengerM00},
  bibsource = {dblp computer science bibliography, https://dblp.org}
}
@proceedings{DBLP:conf/gd/2000,
  editor    = {Joe Marks},
  title     = {Graph Drawing, 8th International Symposium, {GD} 2000, Colonial Williamsburg,
               VA, USA, September 20-23, 2000, Proceedings},
  series    = {Lecture Notes in Computer Science},
  volume    = {1984},
  publisher = {Springer},
  year      = {2001},
  urlurl       = {https://doi.org/10.1007/3-540-44541-2},
  doi       = {10.1007/3-540-44541-2},
  isbnisbn      = {3-540-41554-8},
  timestamp = {Wed, 24 May 2017 15:40:43 +0200},
  biburl    = {https://dblp.org/rec/bib/conf/gd/2000},
  bibsource = {dblp computer science bibliography, https://dblp.org}
}

@ARTICLE{Bodlaender-SJC96,
  author =	 {Bodlaender, Hans L.},
  title =	 {A linear-time algorithm for finding
                  tree-decompositions of small treewidth},
  journal =	 {SIAM J. Comput.},
  year =	 1996,
  volume =	 25,
  pages =	 {1305--1317},
  number =	 6,
  DOI =		 {10.1137/S0097539793251219},
}
