

,-------------------.
|     PREAMBLE      |
`-------------------'

@preamble{ "\def\soft#1{\leavevmode\setbox0=\hbox{h}\dimen7=\ht0\advance
           \dimen7 by-1ex\relax\if t#1\relax\rlap{\raise.6\dimen7
           \hbox{\kern.3ex\char'47}}#1\relax\else\if T#1\relax
           \rlap{\raise.5\dimen7\hbox{\kern1.3ex\char'47}}#1\relax
           \else\if d#1\relax\rlap{\raise.5\dimen7\hbox{\kern.9ex
           \char'47}}#1\relax\else\if D#1\relax\rlap{\raise.5\dimen7
           \hbox{\kern1.4ex\char'47}}#1\relax\else\if l#1\relax
           \rlap{\raise.5\dimen7\hbox{\kern.4ex\char'47}}#1\relax
           \else\if L#1\relax\rlap{\raise.5\dimen7\hbox{\kern.7ex
           \char'47}}#1\relax\else\message{accent \string\soft \space #1
           not defined!}#1\relax\fi\fi\fi\fi\fi\fi} "
}

,-------------------.
|  BIBTEX ENTRIES   |
`-------------------'

@article{Halin76,
  author =        {Halin, Rudolf},
  journal =       {J. Geometry},
  note =          {\msn{0444522}},
  number =        {1-2},
  pages =         {171--186},
  title =         {{$S$}-functions for graphs},
  volume =        {8},
  year =          {1976},
  doi =           {10.1007/BF01917434},
}

@article{DMW17,
  author =        {Vida Dujmovi{\'c} and Pat Morin and David R. Wood},
  journal =       {J. Combin. Theory Ser. B},
  note =          {\msn{3704658}},
  pages =         {111--147},
  title =         {Layered Separators in Minor-Closed Graph Classes with
                   Applications},
  volume =        {127},
  year =          {2017},
  doi =           {10.1016/j.jctb.2017.05.006},
}

@inproceedings{DMW-FOCS13,
  author =        {Vida Dujmovi{\'c} and Pat Morin and David R. Wood},
  booktitle =     {Proc. of 54th Annual Symposium on Foundations of
                   Computer Science (FOCS '13)},
  pages =         {280--289},
  publisher =     {IEEE},
  title =         {Layered separators for queue layouts, {3D} graph
                   drawing and nonrepetitive coloring},
  year =          {2013},
  doi =           {10.1109/FOCS.2013.38},
}

@article{BRST-JCTB91,
  author =        {Bienstock, Dan and Robertson, Neil and
                   Seymour, Paul D. and Thomas, Robin},
  journal =       {J. Combin. Theory Ser. B},
  number =        {2},
  pages =         {274--283},
  title =         {Quickly excluding a forest},
  volume =        {52},
  year =          {1991},
  MRNUMBER = {1110475},
  NOTE = {\msn{1110475}},
  DOI = {10.1016/0095-8956(91)90068-U},
}

@article{KP-DM08,
  author =        {K{\"u}ndgen, Andre and Pelsmajer, Michael J.},
  journal =       {Discrete Math.},
  note =          {\msn{2433774}},
  number =        {19},
  pages =         {4473--4478},
  title =         {Nonrepetitive colorings of graphs of bounded
                   tree-width},
  volume =        {308},
  year =          {2008},
  doi =           {10.1016/j.disc.2007.08.043},
}

@article{DMW05,
  author =        {Vida Dujmovi{\'c} and Pat Morin and David R. Wood},
  journal =       {SIAM J. Comput.},
  note =          {\msn{2137079}},
  number =        {3},
  pages =         {553--579},
  title =         {Layout of Graphs with Bounded Tree-Width},
  volume =        {34},
  year =          {2005},
  doi =           {10.1137/S0097539702416141},
}

@phdthesis{Dang18,
  author =        {Thanh N. Dang},
  school =        {Georgia Institute of Technology},
  title =         {Minors of graphs of large path-width},
  year =          {2018},
  url =           {http://aco.gatech.edu/sites/default/files/documents/dang-
                  thesis.pdf},
}

@misc{HJMW,
  author =        {Tony Huynh and Gwena\"el Joret and Piotr Micek and
                   David R. Wood},
  note =          {\arXiv:{1801.01833}},
  title =         {Seymour's conjecture on 2-connected graphs of large
                   pathwidth},
  year =          {2018},
}

@article{DPW04,
  author =        {Vida Dujmovi{\'c} and Attila P\'or and David R. Wood},
  journal =       {Discrete Math. Theor. Comput. Sci.},
  note =          {\msn{2180055}},
  number =        {2},
  pages =         {497-522},
  title =         {Track Layouts of Graphs},
  volume =        {6},
  year =          {2004},
  url =           {http://dmtcs.episciences.org/315},
}

@inproceedings{Sch92,
  author =        {Scheffler, Petra},
  booktitle =     {Fourth Czechoslovakian Symposium on Combinatorics,
                   Graphs and Complexity},
  editor =        {Ne{\v{s}}et{\v{r}}il, Jaroslav and Fiedler, Miroslav},
  pages =         {287--291},
  publisher =     {Elsevier},
  series =        {Annals of Discrete Mathematics},
  title =         {Optimal embedding of a tree into an interval graph in
                   linear time},
  volume =        {51},
  year =          {1992},
  doi =           {10.1016/S0167-5060(08)70644-7},
}

@article{Duj15,
  author =        {Vida Dujmovi{\'c}},
  journal =       {J. Combin. Theory Series B.},
  note =          {\msn{3279388}},
  pages =         {79--89},
  title =         {Graph Layouts via Layered Separators},
  volume =        {110},
  year =          {2015},
  doi =           {10.1016/j.jctb.2014.07.005},
}

@article{BDDEW18,
  title =	 {Track layouts, layered path decompositions, and
                  leveled planarity},
  oldnote =	 {\arXiv{1506.09145}},
  author =	 {Michael J. Bannister and William E. Devanny and
                  Dujmovi\'c, Vida and David Eppstein and Wood, David
                  R.},
  year =	 "2018",
doi = {10.1007/s00453-018-0487-5}, 
  journal =	 "Algorithmica",
}

@unpublished{BDDEW,
  author =        {Michael J. Bannister and William E. Devanny and
                   Dujmovi\'c, Vida and David Eppstein and
                   Wood, David R.},
  note =          {\arXiv{1506.09145}},
  title =         {Track layouts, layered path decompositions, and
                   leveled planarity},
  year =          {2015},
}

@article{DEW17,
  author =	 {Vida Dujmovi\'c and David Eppstein and David
                  R. Wood},
  title =	 {Structure of Graphs with Locally Restricted
                  Crossings},
  journal =	 {SIAM J. Disc. Math.},
  year =	 2017,
  volume =	 31,
  number =	 2,
  pages =	 {805--824},
  doi =		 {10.1137/16M1062879},
  eprint =	 {\arXiv{1506.04380}},
  MRNUMBER =	 3639571,
  NOTE =	 {\msn{3639571}},
}

@article{CC16,
  author =	 {Chekuri, Chandra and Chuzhoy, Julia},
  title =	 {Polynomial Bounds for the Grid-Minor Theorem},
  journal =	 {J. ACM},
  volume =	 63,
  number =	 5,
  pages =	 40,
  year =	 2016,
  doi =		 {10.1145/2820609},
  MRNUMBER =	 3593966,
  NOTE =	 {\msn{3593966}},
}

@inproceedings{Chuzhoy15,
  author =	 {Chuzhoy, Julia},
  title =	 {Excluded Grid Theorem: Improved and Simplified},
  booktitle =	 {Proc 48th Annual ACM on Symposium on Theory of
                  Computing},
  series =	 {STOC '15},
  year =	 2015,
  pages =	 {645--654},
  doi =		 {10.1145/2746539.2746551},
  publisher =	 {ACM},
}

@article{LeafSeymour15,
  author =	 {Alexander Leaf and Paul Seymour},
  title =	 {Tree-width and planar minors},
  MRNUMBER =	 3315599,
  NOTE =	 {\msn{3315599}},
  journal =	 {J. Comb. Theory, Ser. {B}},
  volume =	 111,
  pages =	 {38--53},
  year =	 2015,
  doi =		 {10.1016/j.jctb.2014.09.003},
}

@article {DJGT-JCTB99,
  AUTHOR =	 {Diestel, Reinhard and Jensen, Tommy R. and Gorbunov,
                  Konstantin Yu. and Thomassen, Carsten},
  TITLE =	 {Highly connected sets and the excluded grid theorem},
  JOURNAL =	 {J. Combin. Theory Ser. B},
  VOLUME =	 75,
  YEAR =	 1999,
  NUMBER =	 1,
  PAGES =	 {61--73},
  REF =		 {MR1666948},
  doi =		 {10.1006/jctb.1998.1862}
}

@ARTICLE{RS-V,
  author =	 {Robertson, Neil and Seymour, Paul},
  title =	 {Graph minors. {V}. {E}xcluding a planar graph},
  NOTE =	 {\msn{0854606}},
  journal =	 {J. Combin. Theory Ser. B},
  year =	 1986,
  volume =	 41,
  pages =	 {92--114},
  number =	 1,
  doi =		 {10.1016/0095-8956(86)90030-4},
}



@ARTICLE{RST94,
  author =	 {Robertson, Neil and Seymour, Paul and Thomas, Robin},
  title =	 {Quickly excluding a planar graph},
  journal =	 {J. Combin. Theory Ser. B},
  year =	 1994,
  volume =	 62,
  pages =	 {323--348},
  number =	 2,
  coden =	 {JCBTB8},
  mrnumber =	 {MR1305057},
  NOTE =	 {\msn{1305057}},
  DOI =		 {10.1006/jctb.1994.1073},
}

@inproceedings{DH-SODA04,
  author =	 {Demaine, Erik D. and Hajiaghayi, MohammadTaghi},
  title =	 {Equivalence of local treewidth and linear local
                  treewidth and its algorithmic applications},
  booktitle =	 {Proc. 15th Annual ACM-SIAM Symposium on Discrete
                  Algorithms (SODA '04)},
  year =	 2004,
  pages =	 {840--849},
  url =		 {http://dl.acm.org/citation.cfm?id=982792.982919},
  acmid =	 982919,
  publisher =	 {SIAM},
}

@ARTICLE{DH-SJDM04,
  author =	 {Demaine, Erik D. and Fomin, Fedor V. and Hajiaghayi,
                  MohammadTaghi and Thilikos, Dimitrios M.},
  title =	 {Bidimensional parameters and local treewidth},
  journal =	 {SIAM J. Discrete Math.},
  year =	 {2004/05},
  volume =	 18,
  pages =	 {501--511},
  number =	 3,
  note =	 "\msn{2134412}",
  doi =		 "10.1137/S0895480103433410",
}

@ARTICLE{Grohe-Comb03,
  author =	 {Grohe, Martin},
  title =	 {Local tree-width, excluded minors, and approximation
                  algorithms},
  journal =	 {Combinatorica},
  year =	 2003,
  volume =	 23,
  pages =	 {613--632},
  number =	 4,
  REF =		 {MR2046826, Zbl 1089.05503},
  NOTE =	 {\msn{2046826}},
  DOI =		 {10.1007/s00493-003-0037-9},
}

@article {Eppstein-Algo00,
  AUTHOR =	 {Eppstein, David},
  TITLE =	 {Diameter and treewidth in minor-closed graph
                  families},
  JOURNAL =	 {Algorithmica},
  VOLUME =	 27,
  YEAR =	 2000,
  NUMBER =	 {3-4},
  PAGES =	 {275--291},
  NOTE =	 {\msn{1759751}},
  DOI =		 {10.1007/s004530010020},
}

@article{ReedWood16,
  author =	 {Bruce Reed and David R. Wood},
  title =	 {Forcing a sparse minor},
  journal =	 {Combin. Probab. Comput.},
  volume =	 25,
  pages =	 {300--322},
  year =	 2016,
  doi =		 {10.1017/S0963548315000073}
}


@misc{LW1,
  Author =	 {Chun-Hung Liu and David R. Wood},
  Title =	 {Clustered Coloring of Graphs with Bounded Layered
                  Treewidth},
  Year =	 2018,
  note =	 {in preparation},
}

@article{EJ14,
  author =	 {Louis Esperet and Gwena{\"{e}}l Joret},
  title =	 {Colouring Planar Graphs With Three Colours and No
                  Large Monochromatic Components},
  journal =	 {Combinatorics, Probability {\&} Computing},
  volume =	 23,
  MRNUMBER =	 3217360,
  NOTE =	 {\msn{3217360}},
  number =	 4,
  pages =	 {551--570},
  year =	 2014,
  doi =		 {10.1017/S0963548314000170},
}

@ARTICLE{RS-I,
  author =	 {Robertson, Neil and Seymour, Paul},
  title =	 {Graph minors. {I}. {E}xcluding a forest},
  journal =	 {J. Combin. Theory Ser. B},
  year =	 1983,
  volume =	 35,
  pages =	 {39--61},
  number =	 1,
  MRNUMBER = {723569},
  NOTE = {\msn{723569}},
  DOI = {10.1016/0095-8956(83)90079-5},
}

@article{RS-II,
  author =        {Robertson, Neil and Seymour, Paul},
  journal =       {J. Algorithms},
  note =          {\msn{0855559}},
  number =        {3},
  pages =         {309--322},
  title =         {Graph minors. {II}. {A}lgorithmic aspects of
                   tree-width},
  volume =        {7},
  year =          {1986},
  doi =           {10.1016/0196-6774(86)90023-4},
}

